@book{ Baumgarte2000 ,
     author =    "T. W. Baumgarte and S. L. Shapiro and M. Shibata" ,
     title =     "On the maximum mass of differentially rotating neutron stars." ,
     year =      "2000" ,
     publisher = "ApJ,528L,29B",
     DOI =       "10.1086/312425"
}
@book{ Ansorg2009 ,
     author =    "M. Ansorg and D. Gondek-Rosińska and Villain L." ,
     title =     "On the solution space of differentially rotating neutron stars." ,
     year =      "2009" ,
     publisher = "MNRAS,396,2359",
     DOI =       "10.1111/j.1365-2966.2009.14904.x"
}
@book{ Rosinska2017 ,
     author =    "D. Gondek-Rosińska and I. Kowalska and L. Villain and M. Ansorg and M. Kucaba" ,
     title =     "A new view on the maximum mass of differentially rotating neutron stars." ,
     year =      "2017" ,
     publisher = "ApJ,837,58G",
     DOI =       "10.1016/j.asr.2006.09.021"
}
@book{ Volkoff1939 ,
     author =    "J. R. Oppenheimer and G. M. Volkoff" ,
     title =     "On massive neutron cores." ,
     year =      "1939" ,
     publisher = "Physical Review,55:374-381",
     DOI =       "10.1103/PhysRev.55.374"
}
@book{ Tolman1934 ,
     author =    "R. C. Tolman" ,
     title =     "Effect of inhomogenity on cosmological models." ,
     year =      "1934" ,
     publisher = "Proceedings of the National Academy of Science, 20:169-176",
     DOI =       "10.1103/PhysRev.55.364"
}
@book{ Tolman1939 ,
     author =    "R. C. Tolman" ,
     title =     "Static solutions of Einstein's field equations for spheres of fluid." ,
     year =      "1939" ,
     publisher = "Physical Review, 55:364-373",
     DOI =       "10.1103/PhysRev.55.364"
}
@book{ Bodmer1971 ,
     author =    "A. R. Bodmer" ,
     title =     "Collapsed nuclei." ,
     year =      "1971" ,
     publisher = "4(6):1601-1606",
     DOI =       "10.1103/PhysRevD.4.1601"
}
@book{ Witten1984 ,
     author =    "E. Witten" ,
     title =     "Cosmic separation of phases." ,
     year =      "1984" ,
     publisher = "MNRAS,95:207-225",
     DOI =       "10.1103/PhysRevD.30.272"
}
@book{ Giacomazzo2011 ,
     author =    "B. Giacomazzo and L. Rezzolla and N. Stegioulas" ,
     title =     "Collapse of differentially rotating neutron stars and cosmic censorship." ,
     year =      "2011" ,
     publisher = "Phys. Rev. D 84.2, 024022",
     DOI =       "10.1103/PhysRevD.84.024022"
}
@book{ Weih2018 ,
     author =    "L. R. Weih and E. R. Most and L. Rezzolla" ,
     title =     "On the stability and maximum mass of differentially rotating relativistic stars." ,
     year =      "2018" ,
     publisher = "MNRAS,473(1):L126-L130",
     DOI =       "10.1093/mnrasl/slx178"
}
@book{ Bozzola2018 ,
     author =    "G. Bozzola and N. Stergioulas and A. Bauswein" ,
     title =     "Universal relations for differentially rotating relativistic stars at the threshold to collapse." ,
     year =      "2018" ,
     publisher = "MNRAS,474(3):3557-3564",
     DOI =       "10.1093/mnras/stx3002"
}
@book{ Friedman1988 ,
     author =    "B. Friedman and V.R. Pandharipande" ,
     title =     "Turning-point method for axisymmetric stability of rotating relativistic stars." ,
     year =      "1988" ,
     publisher = "ApJ,325:722-724",
     DOI =       "10.1086/166043"
}
@book{ Cook1992 ,
     author =    "G. B. Cook and S. L. Shapiro and S. A. Teukolsky" ,
     title =     "Spin-up of a rapidly rotating star by angular momentum loss - effects of a general relativity." ,
     year =      "1992" ,
     publisher = "ApJ,398:203",
     DOI =       "10.1086/171849"
}
@book{ Cook1994a ,
     author =    "G. B. Cook and S. L. Shapiro and S. A. Teukolsky" ,
     title =     "Rapidly rotating neutron stars in general relativity: Realistic equations of state." ,
     year =      "1994" ,
     publisher = "ApJ,424:823",
     DOI =       "10.1086/173934"
}
@book{ Cook1994b ,
     author =    "G. B. Cook and S. L. Shapiro and S. A. Teukolsky" ,
     title =     "Rapidly rotating polytropes in general relativity." ,
     year =      "1994" ,
     publisher = "ApJ,422:227",
     DOI =       "10.1086/173721"
}
@book{ Rosinska2007 ,
     author =    "D. Gondek-Rosińska" ,
     title =     "The final phase of inspiral of neutron stars: Realistic equations of state." ,
     year =      "2007" ,
     publisher = "ApJ,837,p.58",
     DOI =       "10.1016/j.asr.2006.09.021"
}
@book{ Haensel2007 ,
     author =    "P. Haensel and A. Y. Potekhin and D. G. Yakovlev" ,
     title =     "Neutron Stars 1: Equation of State and Structure." ,
     year =      "2007" ,
     publisher = "Astrophysics and Space Science Library, Vol. 326"
}
@book{ Komatsu1989 ,
     author =    "H. Komatsu and Y. Eriguchi and I. Hachisu" ,
     title =     "Rapidly rotating general relativistic stars. I - Numerical method and its application to uniformly rotating polytropes." ,
     year =      "1989" ,
     publisher = "MNRAS,237,p.355-379",
     DOI =       "10.1093/mnras/237.2.355"
}
@book{ Gourgoulhon1999 ,
     author =    "E. Gourgoulhon and P. Haensel and R. Livine and E. Paluch and S. Bonazzola and J.-A. Marck" ,
     title =     "Fast rotation of strange stars." ,
     year =      "1999" ,
     publisher = "A\&A,349:851",
     note =      "eprint: astro-ph/9907225"
}
@book{ Friedman1981 ,
     author =    "B. Friedman and V. R. Pandharipande" ,
     title =     "Hot and cold, nuclear and neutron matter." ,
     year =      "1981" ,
     publisher = "Nuclear Physics A, 361(2):502-520",
     DOI =       "10.1016/0375-9474(81)90649-7"
}
@book{ Stergioulas1999 ,
     author =    "N. Stergioulas and W. Kluźniak and T. Bulik" ,
     title =     "Keplerian frequencies and innetmost stable circular orbits of rapidly rotating strange stars." ,
     year =      "1999" ,
     publisher = "A\&A,35a,L116",
     DOI =       ""
}
@book{ Rosinska2000 ,
     author =    "D. Gondek-Rosińska and T. Bulik and J. L. Zdunik and E. Gourgoulhon and S. Ray and J. Dey and M. Dey" ,
     title =     "Rotating compact strange stars." ,
     year =      "1999" ,
     publisher = "A\&A,363:1005",
     note =      "eprint: astro-ph/9909152"
}
@book{ Szkudlarek2019 ,
     author =    "M. Szkudlarek and D. Gondek-Rosińska and L. Villain and M. Ansorg" ,
     title =     "Maximum Mass of Differentially Rotating Strange Quark Stars" ,
     year =      "2019" ,
     publisher = "ApJ,879,44S",
     DOI =       "10.3847/1538-4357/ab1752"
}
@book{ Espino2019 ,
     author =    "P. Espino and V. Paschalidis" ,
     title =     "Revisiting the maximum mass of differentialy rotating neutron stars in general relativity: Übermassive stars with realistic equations of state." ,
     year =      "2019" ,
     publisher = "Phys. Rev. D,99,083017",
     DOI =       "10.1103/PhysRevD.99.083017"
}
@book{ Studzinska2016 ,
     author =    "A. M. Studzinska and M. Kucaba and D. Gondek-Rosińska and L. Villain and M. Ansorg" ,
     title =     "Effect of thte equation of state on the maximum mass of differentially rotating neutron stars." ,
     year =      "2016" ,
     publisher = "MNRAS,463,2667",
     DOI =       "10.1093/mnras/stw2152"
}
@book{ Breu2016 ,
     author =    "C. Breu and L. Rezzolla" ,
     title =     "Maximum mass, moment of inertia and compactness of relativistic
stars." ,
     year =      "2016" ,
     publisher = "MNRAS,459,646",
     DOI =       "10.1093/mnras/stw575"
}
@book{ Takami2011 ,
     author =    "K. Takami and L. Rezzolla and S. Yoshida" ,
     title =     "A quasi-radial stability criterion for rotating relativistic stars." ,
     year =      "2011" ,
     publisher = "MNRAS,416,L1",
     DOI =       "10.1111/j.1745-3933.2011.01085.x"
}
@book{ Lyford2003 ,
     author =    "N. D. Lyford and T. W. Baumgarte and S. L. Shapiro" ,
     title =     "Effects of Differential Rotation on the Maximum Mass of Neutron Stars." ,
     year =      "2003" ,
     publisher = "ApJ,610,941",
     DOI =       "10.1086/345350"
}
@book{ Bonazzola1993 ,
     author =    "S. Bonazzola" ,
     title =     "Axisymmetric rotating relativistic bodies: A new numerical approach for 'exact' solutions." ,
     year =      "1993" ,
     publisher = "A\&A,278,421-443"
}